%YAML 1.1
%TAG !u! tag:unity3d.com,2011:
--- !u!1 &1760554055151371004
GameObject:
  m_ObjectHideFlags: 0
  m_CorrespondingSourceObject: {fileID: 0}
  m_PrefabInstance: {fileID: 0}
  m_PrefabAsset: {fileID: 0}
  serializedVersion: 6
  m_Component:
  - component: {fileID: 1379630053085386822}
  - component: {fileID: 2633116682584102883}
  - component: {fileID: 247208584885330729}
  - component: {fileID: 1490646689766637482}
  - component: {fileID: 1490646689766637483}
  m_Layer: 0
  m_Name: Accelerate (17)
  m_TagString: Accelerate
  m_Icon: {fileID: 0}
  m_NavMeshLayer: 0
  m_StaticEditorFlags: 0
  m_IsActive: 1
--- !u!4 &1379630053085386822
Transform:
  m_ObjectHideFlags: 0
  m_CorrespondingSourceObject: {fileID: 0}
  m_PrefabInstance: {fileID: 0}
  m_PrefabAsset: {fileID: 0}
  m_GameObject: {fileID: 1760554055151371004}
  m_LocalRotation: {x: -0.0072471374, y: -0.7022775, z: -0.7023881, w: -0.11577899}
  m_LocalPosition: {x: 249.77, y: 163.05, z: -1545.87}
  m_LocalScale: {x: 1, y: 1, z: 1}
  m_Children:
  - {fileID: 1638742434111380862}
  - {fileID: 5463583375238613048}
  m_Father: {fileID: 0}
  m_RootOrder: 0
  m_LocalEulerAnglesHint: {x: -80.019005, y: 85.53001, z: -274.367}
--- !u!33 &2633116682584102883
MeshFilter:
  m_ObjectHideFlags: 0
  m_CorrespondingSourceObject: {fileID: 0}
  m_PrefabInstance: {fileID: 0}
  m_PrefabAsset: {fileID: 0}
  m_GameObject: {fileID: 1760554055151371004}
  m_Mesh: {fileID: -1700998175742502023, guid: e7da7c45687be914b842b8c17d59162a, type: 3}
--- !u!23 &247208584885330729
MeshRenderer:
  m_ObjectHideFlags: 0
  m_CorrespondingSourceObject: {fileID: 0}
  m_PrefabInstance: {fileID: 0}
  m_PrefabAsset: {fileID: 0}
  m_GameObject: {fileID: 1760554055151371004}
  m_Enabled: 1
  m_CastShadows: 1
  m_ReceiveShadows: 1
  m_DynamicOccludee: 1
  m_MotionVectors: 1
  m_LightProbeUsage: 1
  m_ReflectionProbeUsage: 1
  m_RayTracingMode: 2
  m_RenderingLayerMask: 1
  m_RendererPriority: 0
  m_Materials:
  - {fileID: 2100000, guid: adca5460eecd83749ab7fab2f5bf02d9, type: 2}
  m_StaticBatchInfo:
    firstSubMesh: 0
    subMeshCount: 0
  m_StaticBatchRoot: {fileID: 0}
  m_ProbeAnchor: {fileID: 0}
  m_LightProbeVolumeOverride: {fileID: 0}
  m_ScaleInLightmap: 1
  m_ReceiveGI: 1
  m_PreserveUVs: 0
  m_IgnoreNormalsForChartDetection: 0
  m_ImportantGI: 0
  m_StitchLightmapSeams: 1
  m_SelectedEditorRenderState: 3
  m_MinimumChartSize: 4
  m_AutoUVMaxDistance: 0.5
  m_AutoUVMaxAngle: 89
  m_LightmapParameters: {fileID: 0}
  m_SortingLayerID: 0
  m_SortingLayer: 0
  m_SortingOrder: 0
--- !u!65 &1490646689766637482
BoxCollider:
  m_ObjectHideFlags: 0
  m_CorrespondingSourceObject: {fileID: 0}
  m_PrefabInstance: {fileID: 0}
  m_PrefabAsset: {fileID: 0}
  m_GameObject: {fileID: 1760554055151371004}
  m_Material: {fileID: 0}
  m_IsTrigger: 1
  m_Enabled: 1
  serializedVersion: 2
  m_Size: {x: 10.422569, y: 4.2867, z: 0.28621164}
  m_Center: {x: 0, y: -0.00066924095, z: 0.13226418}
--- !u!114 &1490646689766637483
MonoBehaviour:
  m_ObjectHideFlags: 0
  m_CorrespondingSourceObject: {fileID: 0}
  m_PrefabInstance: {fileID: 0}
  m_PrefabAsset: {fileID: 0}
  m_GameObject: {fileID: 1760554055151371004}
  m_Enabled: 1
  m_EditorHideFlags: 0
  m_Script: {fileID: 11500000, guid: 87631600ef2cf464483938fffffa9ba4, type: 3}
  m_Name: 
  m_EditorClassIdentifier: 
  accTime: 2
  accSpeed: 60
--- !u!1001 &4011146034222925488
PrefabInstance:
  m_ObjectHideFlags: 0
  serializedVersion: 2
  m_Modification:
    m_TransformParent: {fileID: 1379630053085386822}
    m_Modifications:
    - target: {fileID: 8969191547677494920, guid: 640617d5efb31a44f989583ffefa2eac,
        type: 3}
      propertyPath: m_RootOrder
      value: 1
      objectReference: {fileID: 0}
    - target: {fileID: 8969191547677494920, guid: 640617d5efb31a44f989583ffefa2eac,
        type: 3}
      propertyPath: m_LocalPosition.x
      value: 3.94
      objectReference: {fileID: 0}
    - target: {fileID: 8969191547677494920, guid: 640617d5efb31a44f989583ffefa2eac,
        type: 3}
      propertyPath: m_LocalPosition.y
      value: -0
      objectReference: {fileID: 0}
    - target: {fileID: 8969191547677494920, guid: 640617d5efb31a44f989583ffefa2eac,
        type: 3}
      propertyPath: m_LocalPosition.z
      value: 0.38
      objectReference: {fileID: 0}
    - target: {fileID: 8969191547677494920, guid: 640617d5efb31a44f989583ffefa2eac,
        type: 3}
      propertyPath: m_LocalRotation.w
      value: 0.5
      objectReference: {fileID: 0}
    - target: {fileID: 8969191547677494920, guid: 640617d5efb31a44f989583ffefa2eac,
        type: 3}
      propertyPath: m_LocalRotation.x
      value: 0.5
      objectReference: {fileID: 0}
    - target: {fileID: 8969191547677494920, guid: 640617d5efb31a44f989583ffefa2eac,
        type: 3}
      propertyPath: m_LocalRotation.y
      value: -0.5
      objectReference: {fileID: 0}
    - target: {fileID: 8969191547677494920, guid: 640617d5efb31a44f989583ffefa2eac,
        type: 3}
      propertyPath: m_LocalRotation.z
      value: -0.5
      objectReference: {fileID: 0}
    - target: {fileID: 8969191547677494920, guid: 640617d5efb31a44f989583ffefa2eac,
        type: 3}
      propertyPath: m_LocalEulerAnglesHint.x
      value: 91.543
      objectReference: {fileID: 0}
    - target: {fileID: 8969191547677494920, guid: 640617d5efb31a44f989583ffefa2eac,
        type: 3}
      propertyPath: m_LocalEulerAnglesHint.y
      value: -0.000015258789
      objectReference: {fileID: 0}
    - target: {fileID: 8969191547677494920, guid: 640617d5efb31a44f989583ffefa2eac,
        type: 3}
      propertyPath: m_LocalEulerAnglesHint.z
      value: -0.000015258789
      objectReference: {fileID: 0}
    - target: {fileID: 8969191547677494921, guid: 640617d5efb31a44f989583ffefa2eac,
        type: 3}
      propertyPath: m_Name
      value: VFX_jiasuX2_RollermanDownhill
      objectReference: {fileID: 0}
    m_RemovedComponents: []
  m_SourcePrefab: {fileID: 100100000, guid: 640617d5efb31a44f989583ffefa2eac, type: 3}
--- !u!4 &5463583375238613048 stripped
Transform:
  m_CorrespondingSourceObject: {fileID: 8969191547677494920, guid: 640617d5efb31a44f989583ffefa2eac,
    type: 3}
  m_PrefabInstance: {fileID: 4011146034222925488}
  m_PrefabAsset: {fileID: 0}
--- !u!1001 &6754913131010732926
PrefabInstance:
  m_ObjectHideFlags: 0
  serializedVersion: 2
  m_Modification:
    m_TransformParent: {fileID: 1379630053085386822}
    m_Modifications:
    - target: {fileID: 5405373141223828992, guid: d2c8903c854b6d346a7996b4dee047a3,
        type: 3}
      propertyPath: m_RootOrder
      value: 0
      objectReference: {fileID: 0}
    - target: {fileID: 5405373141223828992, guid: d2c8903c854b6d346a7996b4dee047a3,
        type: 3}
      propertyPath: m_LocalPosition.x
      value: 3.94
      objectReference: {fileID: 0}
    - target: {fileID: 5405373141223828992, guid: d2c8903c854b6d346a7996b4dee047a3,
        type: 3}
      propertyPath: m_LocalPosition.y
      value: -0
      objectReference: {fileID: 0}
    - target: {fileID: 5405373141223828992, guid: d2c8903c854b6d346a7996b4dee047a3,
        type: 3}
      propertyPath: m_LocalPosition.z
      value: 0.38
      objectReference: {fileID: 0}
    - target: {fileID: 5405373141223828992, guid: d2c8903c854b6d346a7996b4dee047a3,
        type: 3}
      propertyPath: m_LocalRotation.w
      value: 0.5
      objectReference: {fileID: 0}
    - target: {fileID: 5405373141223828992, guid: d2c8903c854b6d346a7996b4dee047a3,
        type: 3}
      propertyPath: m_LocalRotation.x
      value: 0.5
      objectReference: {fileID: 0}
    - target: {fileID: 5405373141223828992, guid: d2c8903c854b6d346a7996b4dee047a3,
        type: 3}
      propertyPath: m_LocalRotation.y
      value: -0.5
      objectReference: {fileID: 0}
    - target: {fileID: 5405373141223828992, guid: d2c8903c854b6d346a7996b4dee047a3,
        type: 3}
      propertyPath: m_LocalRotation.z
      value: -0.5
      objectReference: {fileID: 0}
    - target: {fileID: 5405373141223828992, guid: d2c8903c854b6d346a7996b4dee047a3,
        type: 3}
      propertyPath: m_LocalEulerAnglesHint.x
      value: 91.543
      objectReference: {fileID: 0}
    - target: {fileID: 5405373141223828992, guid: d2c8903c854b6d346a7996b4dee047a3,
        type: 3}
      propertyPath: m_LocalEulerAnglesHint.y
      value: -0.000015258789
      objectReference: {fileID: 0}
    - target: {fileID: 5405373141223828992, guid: d2c8903c854b6d346a7996b4dee047a3,
        type: 3}
      propertyPath: m_LocalEulerAnglesHint.z
      value: -0.000015258789
      objectReference: {fileID: 0}
    - target: {fileID: 5405373141223828993, guid: d2c8903c854b6d346a7996b4dee047a3,
        type: 3}
      propertyPath: m_Name
      value: VFX_jiasuX1_RollermanDownhill
      objectReference: {fileID: 0}
    m_RemovedComponents: []
  m_SourcePrefab: {fileID: 100100000, guid: d2c8903c854b6d346a7996b4dee047a3, type: 3}
--- !u!4 &1638742434111380862 stripped
Transform:
  m_CorrespondingSourceObject: {fileID: 5405373141223828992, guid: d2c8903c854b6d346a7996b4dee047a3,
    type: 3}
  m_PrefabInstance: {fileID: 6754913131010732926}
  m_PrefabAsset: {fileID: 0}
